@article{kennedy1992robust,
  title={Robust op amp realization of Chua's circuit},
  author={Kennedy, Michael Peter},
  journal={Frequenz},
  volume={46},
  number={3-4},
  pages={66--80},
  year={1992}
}

@article{wade2011going,
  title={Going ballistic: bullet trajectories},
  author={Wade, Amanda},
  journal={Undergraduate Journal of Mathematical Modeling: One+ Two},
  volume={4},
  number={1},
  pages={5},
  year={2011}
}

@book{chua1992genesis,
  title={The genesis of Chua's circuit},
  author={Chua, Leon O}
}